@techreport{tino1998finite,
  title={Finite state machines and recurrent neural networks--automata and dynamical systems approaches},
  author={Tino, Peter and Horne, Bill G and Giles, C Lee},
  year={1998}
}

@article{baldacchino2016variational,
  title={Variational Bayesian mixture of experts models and sensitivity analysis for nonlinear dynamical systems},
  author={Baldacchino, Tara and Cross, Elizabeth J and Worden, Keith and Rowson, Jennifer},
  journal={Mechanical Systems and Signal Processing},
  volume={66},
  pages={178--200},
  year={2016},
  publisher={Elsevier}
}

@article{masoudnia2014mixture,
  title={Mixture of experts: a literature survey},
  author={Masoudnia, Saeed and Ebrahimpour, Reza},
  journal={Artificial Intelligence Review},
  pages={1--19},
  publisher={Springer}
}

@article{DBLP:journals/corr/SzegedyZSBEGF13,
  author    = {Christian Szegedy and
               Wojciech Zaremba and
               Ilya Sutskever and
               Joan Bruna and
               Dumitru Erhan and
               Ian J. Goodfellow and
               Rob Fergus},
  title     = {Intriguing properties of neural networks},
  journal   = {CoRR},
  volume    = {abs/1312.6199},
  year      = {2013},
  url       = {http://arxiv.org/abs/1312.6199},
  timestamp = {Wed, 07 Jun 2017 14:41:52 +0200},
  biburl    = {http://dblp.uni-trier.de/rec/bib/journals/corr/SzegedyZSBEGF13},
  bibsource = {dblp computer science bibliography, http://dblp.org}
}

@article{ieeespectrum,
  author    = {Evan Ackerman},
  title     = {IHow Drive.ai Is Mastering Autonomous Driving With Deep Learning},
  journal   = {IEEESpectrum},
  year      = {2017},
  url       = {https://spectrum.ieee.org/cars-that-think/transportation/self-driving/how-driveai-is-mastering-autonomous-driving-with-deep-learning},
}


@misc{parallelforall,
  author    = {Mariusz Bojarski and
               Davide Del Testa and
               Daniel Dworakowski and
               Bernhard Firner and
               Beat Flepp and
               Prasoon Goyal and
               Lawerence D. Jackel and 
               Mathew Monfort and 
               Urs Muller and 
               Jiakai Zhang and
               Xin Zhang and
               Rob Fergus},
  title     = {End to End Learning for Self-Driving Cars},
  url       = {https://arxiv.org/pdf/1604.07316v1},
}

@article{DBLP:journals/iacr/Shoukry0TS15,
  author    = {Yasser Shoukry and
               Paul D. Martin and
               Paulo Tabuada and
               Mani B. Srivastava},
  title     = {Non-invasive Spoofing Attacks for Anti-lock Braking Systems},
  journal   = {{IACR} Cryptology ePrint Archive},
  volume    = {2015},
  pages     = {419},
  year      = {2015},
  url       = {http://eprint.iacr.org/2015/419},
  timestamp = {Thu, 08 Jun 2017 14:26:43 +0200},
  biburl    = {http://dblp.uni-trier.de/rec/bib/journals/iacr/Shoukry0TS15},
  bibsource = {dblp computer science bibliography, http://dblp.org}
}

@article{DBLP:journals/corr/HuangKWW16,
  author    = {Xiaowei Huang and
               Marta Kwiatkowska and
               Sen Wang and
               Min Wu},
  title     = {Safety Verification of Deep Neural Networks},
  journal   = {CoRR},
  volume    = {abs/1610.06940},
  year      = {2016},
  url       = {http://arxiv.org/abs/1610.06940},
  timestamp = {Wed, 07 Jun 2017 14:40:54 +0200},
  biburl    = {http://dblp.uni-trier.de/rec/bib/journals/corr/HuangKWW16},
  bibsource = {dblp computer science bibliography, http://dblp.org}
}
