@article{DBLP:journals/corr/HuangKWW16,
  author    = {Xiaowei Huang and
               Marta Kwiatkowska and
               Sen Wang and
               Min Wu},
  title     = {Safety Verification of Deep Neural Networks},
  journal   = {CoRR},
  volume    = {abs/1610.06940},
  year      = {2016},
  url       = {http://arxiv.org/abs/1610.06940},
  timestamp = {Wed, 07 Jun 2017 14:40:54 +0200},
  biburl    = {http://dblp.uni-trier.de/rec/bib/journals/corr/HuangKWW16},
  bibsource = {dblp computer science bibliography, http://dblp.org}
}
