@book{DBLP:series/mcs/BroyS01,
  author    = {Manfred Broy and
               Ketil St{\o}len},
  title     = {Specification and Development of Interactive Systems - Focus on Streams,
               Interfaces, and Refinement},
  series    = {Monographs in Computer Science},
  publisher = {Springer},
  year      = {2001},
  url       = {http://dx.doi.org/10.1007/978-1-4613-0091-5},
  doi       = {10.1007/978-1-4613-0091-5},
  isbn      = {978-1-4612-6518-4},
  timestamp = {Mon, 12 Jan 2015 17:10:20 +0100},
  biburl    = {http://dblp.uni-trier.de/rec/bib/series/mcs/BroyS01},
  bibsource = {dblp computer science bibliography, http://dblp.org}
}

@inproceedings{DBLP:conf/csdm/Broy12,
  author    = {Manfred Broy},
  title     = {Engineering Cyber-Physical Systems: Challenges and Foundations},
  booktitle = {Complex Systems Design {\&} Management, Proceedings of the Third International
               Conference on Complex Systems Design {\&} Management CSD{\&}M 2012,
               Paris, France, December 12-14, 2012},
  pages     = {1--13},
  year      = {2012},
  crossref  = {DBLP:conf/csdm/2012},
  url       = {http://dx.doi.org/10.1007/978-3-642-34404-6_1},
  doi       = {10.1007/978-3-642-34404-6_1},
  timestamp = {Sun, 08 Dec 2013 13:44:03 +0100},
  biburl    = {http://dblp.uni-trier.de/rec/bib/conf/csdm/Broy12},
  bibsource = {dblp computer science bibliography, http://dblp.org}
}

@proceedings{DBLP:conf/csdm/2012,
  editor    = {Marc Aiguier and
               Yves Caseau and
               Daniel Krob and
               Antoine Rauzy},
  title     = {Complex Systems Design {\&} Management, Proceedings of the Third International
               Conference on Complex Systems Design {\&} Management CSD{\&}M 2012,
               Paris, France, December 12-14, 2012},
  publisher = {Springer},
  year      = {2013},
  url       = {http://dx.doi.org/10.1007/978-3-642-34404-6},
  doi       = {10.1007/978-3-642-34404-6},
  isbn      = {978-3-642-34403-9},
  timestamp = {Sun, 08 Dec 2013 13:42:13 +0100},
  biburl    = {http://dblp.uni-trier.de/rec/bib/conf/csdm/2012},
  bibsource = {dblp computer science bibliography, http://dblp.org}
}


@inproceedings{RamanDSMS15,
  author    = {Vasumathi Raman and
               Alexandre Donz{\'{e}} and
               Dorsa Sadigh and
               Richard M. Murray and
               Sanjit A. Seshia},
  title     = {Reactive synthesis from signal temporal logic specifications},
  booktitle = {Proceedings of the 18th International Conference on Hybrid Systems:
               Computation and Control, HSCC'15, Seattle, WA, USA, April 14-16, 2015},
  pages     = {239--248},
  year      = {2015}
}


@inproceedings{WongpiromsarnKF11,
  author    = {Tichakorn Wongpiromsarn and
               Sertac Karaman and
               Emilio Frazzoli},
  title     = {Synthesis of provably correct controllers for autonomous vehicles
               in urban environments},
  booktitle = {14th International {IEEE} Conference on Intelligent Transportation
               Systems, {ITSC} 2011, Washington, DC, USA, October 5-7, 2011},
  pages     = {1168--1173},
  year      = {2011}
}


@inproceedings{AlurMT16,
  author    = {Rajeev Alur and
               Salar Moarref and
               Ufuk Topcu},
  title     = {Compositional Synthesis with Parametric Reactive Controllers},
  booktitle = {Proceedings of the 19th International Conference on Hybrid Systems:
               Computation and Control, {HSCC} 2016, Vienna, Austria, April 12-14,
               2016},
  pages     = {215--224},
  year      = {2016}
}


@article{kamali2016formal,
  title={Formal verification of autonomous vehicle platooning},
  author={Kamali, Maryam and Dennis, Louise A and McAree, Owen and Fisher, Michael and Veres, Sandor M},
  journal={arXiv preprint arXiv:1602.01718},
  year={2016}
}

@inproceedings{pike2014,
  title={Programming languages for high-assurance autonomous vehicles},
  author={Pike, Lee and Hickey, Patrick and Bielman, James and Elliott, Trevor and DuBuisson, Thomas and Launchbury, John},
  booktitle={Proceedings of the ACM SIGPLAN 2014 Workshop on Programming Languages meets Program Verification},
  pages={1--2},
  year={2014},
  organization={ACM}
}

@inproceedings{kazemi2016,
  title={A Scratchpad Memory-Based Execution Platform for Functional Reactive Systems and Its Static Timing Analysis},
  author={Kazemi, Zeinab and Cheng, Albert MK},
  booktitle={Embedded and Real-Time Computing Systems and Applications (RTCSA), 2016 IEEE 22nd International Conference on},
  pages={176--181},
  year={2016},
  organization={IEEE}
}

@inproceedings{zou2016,
  title={P-FRP task scheduling: A survey},
  author={Zou, Xingliang and Cheng, Albert MK and Jiang, Yu},
  booktitle={Declarative Cyber-Physical Systems (DCPS), CPSWeek Workshop on},
  pages={1--8},
  year={2016},
  organization={IEEE}
}


@article{cardelli1996type,
 author = {Cardelli, Luca},
 title = {Type Systems},
 journal = {ACM Comput. Surv.},
 issue_date = {March 1996},
 volume = {28},
 number = {1},
 month = mar,
 year = {1996},
 issn = {0360-0300},
 pages = {263--264},
 numpages = {2},
 acmid = {234418},
 publisher = {ACM},
 address = {New York, NY, USA},
}
% url = {http://doi.acm.org/10.1145/234313.234418},
% doi = {10.1145/234313.234418},

@inproceedings{clash2014,
       booktitle = {Communicating Processes Architectures 2014},
           title = {N queens on an fpga: mathematics,programming, or both?},
          author = {Jan {Kuper} and Rinse {Wester}},
       publisher = {Open Channel Publishing Ltd},
            year = {2014},
           pages = {181--203},
        keywords = {FPGA Design, ClaSH, model based design},
             url = {http://doc.utwente.nl/94663/}
}

@incollection{hudak2003arrows,
  title={Arrows, robots, and functional reactive programming},
  author={Hudak, Paul and Courtney, Antony and Nilsson, Henrik and Peterson, John},
  booktitle={Advanced Functional Programming},
  pages={159--187},
  year={2003},
  publisher={Springer}
}

@book{hudak2000haskell,
  title={The Haskell school of expression: learning functional programming through multimedia},
  author={Hudak, Paul},
  year={2000},
  publisher={Cambridge University Press}
}

@misc{snakeoil,
  title={SnakeOil Virtual Motor Sports Lubricant},
  author={Chris X Edwards},
  url = {http://xed.ch/project/snakeoil/index.html},
  year= {2015}
}

@misc{pyscrc,
  author = {lanquarden},
  title = {pyScrcClient},
  year = {2012},
  publisher = {GitHub},
  journal = {GitHub repository},
  howpublished = {\url{https://github.com/lanquarden/pyScrcClient}}
}

@misc{SCRC,
  author = {Mohommad Reza Bonyadi and Samadhi Nallaperuma and Daniele Loiacono and Frank Neumann},
  title = {Simulated Car Racing Championship},
  year = {2015},
  publisher = {University of Adelaide and Politecnico de Milano},
  howpublished = {\url{http://cs.adelaide.edu.au/~optlog/SCR2015/index.html}}
}

@article{SCRCManual,
  author    = {Daniele Loiacono and
               Luigi Cardamone and
               Pier Luca Lanzi},
  title     = {Simulated Car Racing Championship: Competition Software Manual},
  journal   = {CoRR},
  volume    = {abs/1304.1672},
  year      = {2013},
  url       = {http://arxiv.org/abs/1304.1672},
  timestamp = {Thu, 02 May 2013 15:54:11 +0200},
  biburl    = {http://dblp.uni-trier.de/rec/bib/journals/corr/abs-1304-1672},
  bibsource = {dblp computer science bibliography, http://dblp.org}
}


@misc{danwcAsync,
  author = {Daniel Winograd-Cort and Paul Hudak},
  title = {Asynchronous Functional Reactive Processes},
  year = {2014},
  publisher = {IBM},
  journal = {IBM PL Day},
  howpublished = {\url{http://researcher.ibm.com/researcher/files/us-rabbah/plday14-cort.pdf}}
}

@inproceedings{HudakQSW15,
  author    = {Paul Hudak and
               Donya Quick and
               Mark Santolucito and
               Daniel Winograd{-}Cort},
  title     = {Real-time interactive music in Haskell},
  booktitle = {Proceedings of the 3rd {ACM} {SIGPLAN} International Workshop on Functional
               Art, Music, Modelling and Design, FARM@ICFP 2015, Vancouver, BC, Canada,
               September 5, 2015},
  pages     = {15--16},
  year      = {2015},
}
%  url       = {http://doi.acm.org/10.1145/2808083.2808087},
%  doi       = {10.1145/2808083.2808087},

@inproceedings{li2014synthesis,
  title={Synthesis for human-in-the-loop control systems},
  author={Li, Wenchao and Sadigh, Dorsa and Sastry, S Shankar and Seshia, Sanjit A},
  booktitle={International Conference on Tools and Algorithms for the Construction and Analysis of Systems},
  pages={470--484},
  year={2014},
  organization={Springer}
}
@misc{torcs,
  title={Torcs: The open racing car simulator, v1.3.4},
  author={Bernhard Wymann and Eric Espie and Christophe Guionneau},
  howpublished = {\url{http://torcs.sourceforge.net/index.php}},
  year={2017},
  journal={SourceForge Repository}
}

@article{van2014monadic,
  title={Monadic functional reactive programming},
  author={van der Ploeg, Atze},
  journal={ACM SIGPLAN Notices},
  volume={48},
  number={12},
  pages={117--128},
  year={2014},
  publisher={ACM}
}

@inproceedings{murphy16,
  author    = {Tom E. Murphy},
  title     = {A livecoding semantics for functional reactive programming},
  booktitle = {Proceedings of the 4th International Workshop on Functional Art, Music,
               Modelling, and Design, FARM@ICFP 2016, Nara, Japan, September 24,
               2016},
  pages     = {48--53},
  year      = {2016},
}
%  crossref  = {DBLP:conf/icfp/2016farm},
%  url       = {http://doi.acm.org/10.1145/2975980.2975986},
%  doi       = {10.1145/2975980.2975986},

@inproceedings{yallop2016causal,
  title={Causal commutative arrows revisited},
  author={Yallop, Jeremy and Liu, Hai},
  booktitle={Proceedings of the 9th International Symposium on Haskell},
  pages={21--32},
  year={2016},
  organization={ACM}
}

@article{lindley2011idioms,
  title={Idioms are oblivious, arrows are meticulous, monads are promiscuous},
  author={Lindley, Sam and Wadler, Philip and Yallop, Jeremy},
  journal={Electronic Notes in Theoretical Computer Science},
  volume={229},
  number={5},
  pages={97--117},
  year={2011},
  publisher={Elsevier}
}

@inproceedings{helbling2016juniper,
  title={Juniper: a functional reactive programming language for the Arduino},
  author={Helbling, Caleb and Guyer, Samuel Z},
  booktitle={Proceedings of the 4th International Workshop on Functional Art, Music, Modelling, and Design},
  pages={8--16},
  year={2016},
  organization={ACM}
}
@inproceedings{voellmy2012scalable,
  title={Scalable software defined network controllers},
  author={Voellmy, Andreas and Wang, Junchang},
  booktitle={Proceedings of the ACM SIGCOMM 2012 conference on Applications, technologies, architectures, and protocols for computer communication},
  pages={289--290},
  year={2012},
  organization={ACM}
}

@article{paterson2001icfp,
  title={A new notation for arrows},
  author={Paterson, Ross},
  journal={ACM SIGPLAN Notices},
  volume={36},
  number={10},
  pages={229--240},
  year={2001},
  publisher={ACM}
}

@inproceedings{xu2016experimental, 
  title={Experimental research of vehicle-platoon coordination control based on TORCS platform}, 
  author={Xu, Zhixiang and Jiang, Jiemei and Liu, Yonggui}, 
  booktitle={Control Conference (CCC), 2016 35th Chinese}, 
  pages={7404--7409}, 
  year={2016}, 
  organization={IEEE} 
}

@inproceedings{conf/cig/CardamoneLL09,
  author    = {Luigi Cardamone and
               Daniele Loiacono and
               Pier Luca Lanzi},
  title     = {Learning drivers for {TORCS} through imitation using supervised methods},
  booktitle = {Proceedings of the 2009 {IEEE} Symposium on Computational Intelligence
               and Games, {CIG} 2009, Milano, Italy, 7-10 September, 2009},
  pages     = {148--155},
  year      = {2009},
}
%  crossref  = {conf/cig/2009},
%  url       = {http://dx.doi.org/10.1109/CIG.2009.5286480},
%  doi       = {10.1109/CIG.2009.5286480},

@proceedings{conf/cig/2009,
  editor    = {Pier Luca Lanzi},
  title     = {Proceedings of the 2009 {IEEE} Symposium on Computational Intelligence
               and Games, {CIG} 2009, Milano, Italy, 7-10 September, 2009},
  publisher = {{IEEE}},
  year      = {2009},
  url       = {http://ieeexplore.ieee.org/xpl/mostRecentIssue.jsp?punumber=5278415},
  isbn      = {978-1-4244-4814-2},
}

@inproceedings{conf/cig/MunozGS10,
  author    = {Jorge Mu{\~{n}}oz and
               Germ{\'{a}}n Guti{\'{e}}rrez and
               Araceli Sanchis},
  title     = {A human-like {TORCS} controller for the Simulated Car Racing Championship},
  booktitle = {Proceedings of the 2010 {IEEE} Conference on Computational Intelligence
               and Games, {CIG} 2010, Copenhagen, Denmark, 18-21 August, 2010},
  pages     = {473--480},
  year      = {2010},
}
%  crossref  = {conf/cig/2010},
%  url       = {http://dx.doi.org/10.1109/ITW.2010.5593318},
%  doi       = {10.1109/ITW.2010.5593318},

@proceedings{conf/cig/2010,
  editor    = {Georgios N. Yannakakis and
               Julian Togelius},
  title     = {Proceedings of the 2010 {IEEE} Conference on Computational Intelligence
               and Games, {CIG} 2010, Copenhagen, Denmark, 18-21 August, 2010},
  publisher = {{IEEE}},
  year      = {2010},
  url       = {http://ieeexplore.ieee.org/xpl/mostRecentIssue.jsp?punumber=5581175},
  isbn      = {978-1-4244-6295-7},
}

@inproceedings{OnievaPAMP09,
  author    = {Enrique Onieva and
               David A. Pelta and
               Javier Alonso and
               Vicente Milan{\'{e}}s and
               Joshu{\'{e}} P{\'{e}}rez},
  title     = {A modular parametric architecture for the {TORCS} racing engine},
  booktitle = {Proceedings of the 2009 {IEEE} Symposium on Computational Intelligence
               and Games, {CIG} 2009, Milano, Italy, 7-10 September, 2009},
  pages     = {256--262},
  year      = {2009},
}
%  crossref  = {conf/cig/2009},
%  url       = {http://dx.doi.org/10.1109/CIG.2009.5286466},
%  doi       = {10.1109/CIG.2009.5286466},

@proceedings{conf/cig/2009,
  editor    = {Pier Luca Lanzi},
  title     = {Proceedings of the 2009 {IEEE} Symposium on Computational Intelligence
               and Games, {CIG} 2009, Milano, Italy, 7-10 September, 2009},
  publisher = {{IEEE}},
  year      = {2009},
  url       = {http://ieeexplore.ieee.org/xpl/mostRecentIssue.jsp?punumber=5278415},
  isbn      = {978-1-4244-4814-2},
}


@inproceedings{courtney2003yampa,
  title={The yampa arcade},
  author={Courtney, Antony and Nilsson, Henrik and Peterson, John},
  booktitle={Proceedings of the 2003 ACM SIGPLAN workshop on Haskell},
  pages={7--18},
  year={2003},
  organization={ACM},
}

@article{Voellmy:2012:SSD:2377677.2377735,
 author = {Voellmy, Andreas and Wang, Junchang},
 title = {Scalable software defined network controllers},
 journal = {SIGCOMM Comput. Commun. Rev.},
 issue_date = {October 2012},
 volume = {42},
 number = {4},
 month = aug,
 year = {2012},
 issn = {0146-4833},
 pages = {289--290},
 numpages = {2},
 acmid = {2377735},
 publisher = {ACM},
 address = {New York, NY, USA},
 keywords = {haskell, multicore, openflow, software-defined networking},
}
%url = {http://doi.acm.org/10.1145/2377677.2377735},
%doi = {10.1145/2377677.2377735},

@inproceedings{conf/popl/CaspiPHP87,
  author    = {Paul Caspi and
               Daniel Pilaud and
               Nicolas Halbwachs and
               John Plaice},
  title     = {Lustre: {A} Declarative Language for Programming Synchronous Systems},
  booktitle = {Conference Record of the Fourteenth Annual {ACM} Symposium on Principles
               of Programming Languages, Munich, Germany, January 21-23, 1987},
  pages     = {178--188},
  year      = {1987},
  crossref  = {conf/popl/1987},
}
%  url       = {http://doi.acm.org/10.1145/41625.41641},
%  doi       = {10.1145/41625.41641},

@proceedings{conf/popl/1987,
  title     = {Conference Record of the Fourteenth Annual {ACM} Symposium on Principles
               of Programming Languages, Munich, Germany, January 21-23, 1987},
  publisher = {{ACM} Press},
  year      = {1987},
  url       = {http://dl.acm.org/citation.cfm?id=41625},
  isbn      = {0-89791-215-2},
}


@inproceedings{conf/concur/BerryC84,
  author    = {G{\'{e}}rard Berry and
               Laurent Cosserat},
  title     = {The {ESTEREL} Synchronous Programming Language and its Mathematical
               Semantics},
  booktitle = {Seminar on Concurrency, Carnegie-Mellon University, Pittsburg, PA,
               USA, July 9-11, 1984},
  pages     = {389--448},
  year      = {1984},
  crossref  = {conf/concur/1984},
}
%  url       = {http://dx.doi.org/10.1007/3-540-15670-4_19},
%  doi       = {10.1007/3-540-15670-4_19},


@proceedings{conf/concur/1984,
  editor    = {Stephen D. Brookes and
               A. W. Roscoe and
               Glynn Winskel},
  title     = {Seminar on Concurrency, Carnegie-Mellon University, Pittsburg, PA,
               USA, July 9-11, 1984},
  series    = {Lecture Notes in Computer Science},
  volume    = {197},
  publisher = {Springer},
  year      = {1985},
  isbn      = {3-540-15670-4},
}

@article{open2006ieee,
  title={IEEE standard SystemC language reference manual},
  author={Open SystemC Initiative and others},
  journal={IEEE Computer Society},
  pages={1666--2005},
  year={2006}
}

@article{journals/scp/Harel87,
  author    = {David Harel},
  title     = {Statecharts: {A} Visual Formalism for Complex Systems},
  journal   = {Sci. Comput. Program.},
  volume    = {8},
  number    = {3},
  pages     = {231--274},
  year      = {1987},
}
% url       = {http://dx.doi.org/10.1016/0167-6423(87)90035-9},
%  doi       = {10.1016/0167-6423(87)90035-9},

@incollection{harel2003message,
  title={Message sequence charts},
  author={Harel, David and Thiagarajan, PS},
  booktitle={UML for Real},
  pages={77--105},
  year={2003},
  publisher={Springer}
}
@article{frankau2009commercial,
  title={Commercial uses: Going functional on exotic trades},
  author={Frankau, Simon and Spinellis, Diomidis and Nassuphis, Nick and Burgard, Christoph},
  journal={Journal of Functional Programming},
  volume={19},
  number={01},
  pages={27--45},
  year={2009},
  publisher={Cambridge Univ Press}
}
